@article{yusnita2012intelligent,
  title={Intelligent parking space detection system based on image processing},
  author={Yusnita, Rahayu and Norbaya, Fariza and Basharuddin, Norazwinawati},
  journal={International Journal of Innovation, Management and Technology},
  volume={3},
  number={3},
  pages={232--235},
  year={2012}
}

@inproceedings{mitsopoulou2017efficient,
  title={Efficient parking allocation for smartcities},
  author={Mitsopoulou, Ellen and Kalogeraki, Vana},
  booktitle={Proceedings of the 10th International Conference on PErvasive Technologies Related to Assistive Environments},
  pages={265--268},
  year={2017}
}


@inproceedings{park2008parking,
  title={Parking space detection using ultrasonic sensor in parking assistance system},
  author={Park, Wan-Joo and Kim, Byung-Sung and Seo, Dong-Eun and Kim, Dong-Suk and Lee, Kwae-Hi},
  booktitle={2008 IEEE intelligent vehicles symposium},
  pages={1039--1044},
  year={2008},
  organization={IEEE}
}

@inproceedings{cai2015implementation,
  title={Implementation of smart Parking Guidance System based on parking lots sensors networks},
  author={Cai, Wenyu and Zhang, Dong and Pan, Yongjie},
  booktitle={2015 IEEE 16th International Conference on Communication Technology (ICCT)},
  pages={419--424},
  year={2015},
  organization={IEEE}
}